 @misc{wiki:it:tautol,
   author = "Wikipedia",
   title = "Tautologia --- Wikipedia{,} L'enciclopedia libera",
   year = "2016",
   url = "http://it.wikipedia.org/w/index.php?title=Tautologia&oldid=81165325",
   note = "[Online; in data 29-luglio-2016]"
 }


  @misc{itwiki:102088385,
   author = "Wikipedia",
   title = "Insieme diretto --- Wikipedia{,} L'enciclopedia libera",
   year = "2019",
   url = "https://it.wikipedia.org/w/index.php?title=Insieme_diretto&oldid=102088385",
   note = "[Online; in data 25-novembre-2022]"
 }
 
  @misc{enwiki:1103032969,
    author = "{Wikipedia contributors}",
    title = "Directed set --- {Wikipedia}{,} The Free Encyclopedia",
    year = "2022",
    url = "https://en.wikipedia.org/w/index.php?title=Directed_set&oldid=1103032969",
    note = "[Online; accessed 25-novembre-2022]"
  }

