 @misc{wiki:it:tautol,
   author = "Wikipedia",
   title = "Tautologia --- Wikipedia{,} L'enciclopedia libera",
   year = "2016",
   url = "http://it.wikipedia.org/w/index.php?title=Tautologia&oldid=81165325",
   note = "[Online; in data 29-luglio-2016]"
 }
